<record><leader>00000cas a2200000 a 4500</leader><controlfield tag="001">36177935</controlfield><controlfield tag="008">970109d19151921miuwr n       0    0eng c</controlfield><datafield ind1=" " ind2=" " tag="010"><subfield code="a">sn 96077486 </subfield></datafield><datafield ind1=" " ind2=" " tag="040"><subfield code="a">MHN</subfield><subfield code="b">eng</subfield><subfield code="c">MHN</subfield><subfield code="d">OCL</subfield><subfield code="d">OCLCQ</subfield><subfield code="d">OCLCO</subfield></datafield><datafield ind1="1" ind2=" " tag="029"><subfield code="a">AU@</subfield><subfield code="b">000013023242</subfield></datafield><datafield ind1=" " ind2=" " tag="042"><subfield code="a">pcc</subfield></datafield><datafield ind1=" " ind2=" " tag="043"><subfield code="a">n-us-mi</subfield></datafield><datafield ind1="0" ind2="4" tag="245"><subfield code="a">The Provemont courier.</subfield></datafield><datafield ind1=" " ind2=" " tag="260"><subfield code="a">Provemont, Mich. :</subfield><subfield code="b">K. Gus Smarey</subfield></datafield><datafield ind1=" " ind2=" " tag="300"><subfield code="a">v.</subfield></datafield><datafield ind1=" " ind2=" " tag="310"><subfield code="a">Weekly</subfield></datafield><datafield ind1="0" ind2=" " tag="362"><subfield code="a">Vol. 1, no. 1 (Oct. 22, 1915)- no. 253 (Mar. 10, 1921).</subfield></datafield><datafield ind1=" " ind2=" " tag="515"><subfield code="a">Volume number designation dropped: June 28, 1917.</subfield></datafield><datafield ind1=" " ind2="0" tag="651"><subfield code="a">Provemont (Mich.)</subfield><subfield code="v">Newspapers.</subfield></datafield><datafield ind1=" " ind2="0" tag="651"><subfield code="a">Leelanau County (Mich.)</subfield><subfield code="v">Newspapers.</subfield></datafield><datafield ind1=" " ind2=" " tag="752"><subfield code="a">United States</subfield><subfield code="b">Michigan</subfield><subfield code="c">Leelanau</subfield><subfield code="d">Provemont.</subfield></datafield><datafield ind1=" " ind2=" " tag="752"><subfield code="a">United States</subfield><subfield code="b">Michigan</subfield><subfield code="c">Leelanau</subfield><subfield code="d">Lake Leelanau.</subfield></datafield><datafield ind1="0" ind2="0" tag="785"><subfield code="t">Suttons Bay courier</subfield><subfield code="w">(DLC)sn 97063127</subfield><subfield code="w">(OCoLC)36308347</subfield></datafield></record>